<?xml version="1.0" encoding="UTF-8"?><collection xmlns="http://www.loc.gov/MARC21/slim"><record><leader>00432nam--2200157-i-4500</leader><controlfield tag="001">000045890</controlfield><controlfield tag="002">20161230</controlfield><controlfield tag="005">20170127220247</controlfield><controlfield tag="008">060222s1000------------r-----000-0-eng-d</controlfield><datafield ind1=" " ind2=" " tag="080"><subfield code="a">621.35</subfield></datafield><datafield ind1=" " ind2=" " tag="100"><subfield code="a">Valignat, Jean</subfield></datafield><datafield ind1=" " ind2=" " tag="245"><subfield code="a">Conssommation des additifs organiques dans les bains d`electrolyse</subfield></datafield><datafield ind1=" " ind2=" " tag="260"><subfield code="a">Saclay</subfield><subfield code="b">Commissariat A L`Energie Atomique</subfield><subfield code="c">1968</subfield></datafield><datafield ind1=" " ind2=" " tag="300"><subfield code="a">38 p</subfield></datafield><datafield ind1=" " ind2=" " tag="852"><subfield code="a">D.1021</subfield></datafield><datafield ind1=" " ind2=" " tag="CAT"><subfield code="a">SYS</subfield><subfield code="c">20170127</subfield><subfield code="h">220247</subfield></datafield></record></collection>